<?xml version="1.0" encoding="UTF-8"?><collection xmlns="http://www.loc.gov/MARC21/slim"><record><leader>00522nam--2200181-i-4500</leader><controlfield tag="001">000049175</controlfield><controlfield tag="002">20161230</controlfield><controlfield tag="005">20161230201047</controlfield><controlfield tag="008">060222s1000------------r-----000-0-eng-d</controlfield><datafield ind1=" " ind2=" " tag="040"><subfield code="a">IFIN-HH</subfield></datafield><datafield ind1=" " ind2=" " tag="080"><subfield code="a">539.141</subfield></datafield><datafield ind1="1" ind2=" " tag="100"><subfield code="a">Parry,W.E./S.A.</subfield></datafield><datafield ind1="1" ind2="0" tag="245"><subfield code="a">Many-body problems</subfield><subfield code="c">W.e. parry, r.e. turner, d. ter haar, j.s. rowlinson, g.v. chester, n.m. hugenholtz, r. kubo</subfield></datafield><datafield ind1=" " ind2=" " tag="260"><subfield code="a">New York</subfield><subfield code="b">W.A.Benjamin, Inc</subfield><subfield code="c">1969</subfield></datafield><datafield ind1=" " ind2=" " tag="300"><subfield code="a">265P</subfield></datafield><datafield ind1="1" ind2=" " tag="700"><subfield code="a">Kubo, R</subfield></datafield><datafield ind1=" " ind2=" " tag="852"><subfield code="a">76770</subfield><subfield code="c">539.141</subfield></datafield><datafield ind1=" " ind2=" " tag="CAT"><subfield code="a">Sys</subfield><subfield code="c">20120418</subfield><subfield code="h">123711</subfield></datafield></record></collection>